<?xml version="1.0" encoding="UTF-8"?><collection xmlns="http://www.loc.gov/MARC21/slim"><record><leader>00360nam--2200121-i-4500</leader><controlfield tag="001">000019571</controlfield><controlfield tag="002">20161230</controlfield><controlfield tag="005">20161230201033</controlfield><controlfield tag="008">060222s1000------------r-----000-0-eng-d</controlfield><datafield ind1=" " ind2=" " tag="080"><subfield code="a">001.89(061.3)</subfield></datafield><datafield ind1=" " ind2=" " tag="245"><subfield code="a">Iie congres de la science polonaise 26-29 juin 1973.materiaux de base</subfield></datafield><datafield ind1=" " ind2=" " tag="260"><subfield code="a">Wroclaw, Wydawnictwo Polskiej Akademii Nauk, 1974. 230 P</subfield></datafield><datafield ind1=" " ind2=" " tag="852"><subfield code="a">42510</subfield></datafield></record></collection>